
    <marc:record>
        <marc:leader>03931nab a2200685 u 4500</marc:leader>
        <marc:controlfield tag="001">9915610884507426</marc:controlfield>
        <marc:controlfield tag="005">20221214225306.0</marc:controlfield>
        <marc:controlfield tag="008">160916e20160912xx |||||o|||||||||||eng||</marc:controlfield>
        <marc:datafield tag="016" ind1="7" ind2=" ">
            <marc:subfield code="a">IND600063143</marc:subfield>
            <marc:subfield code="2">DNAL</marc:subfield>
        </marc:datafield>
        <marc:datafield tag="024" ind1="7" ind2=" ">
            <marc:subfield code="a">10113/63143</marc:subfield>
            <marc:subfield code="2">hdl</marc:subfield>
        </marc:datafield>
        <marc:datafield tag="024" ind1="7" ind2=" ">
            <marc:subfield code="a">324856</marc:subfield>
            <marc:subfield code="2">aris</marc:subfield>
        </marc:datafield>
        <marc:datafield tag="024" ind1="7" ind2=" ">
            <marc:subfield code="a">10.1038/NCLIMATE3115</marc:subfield>
            <marc:subfield code="2">doi</marc:subfield>
        </marc:datafield>
        <marc:datafield tag="035" ind1=" " ind2=" ">
            <marc:subfield code="a">agid:63143-01nal_inst</marc:subfield>
        </marc:datafield>
        <marc:datafield tag="040" ind1=" " ind2=" ">
            <marc:subfield code="a">AGL</marc:subfield>
            <marc:subfield code="b">eng</marc:subfield>
            <marc:subfield code="c">AGL</marc:subfield>
        </marc:datafield>
        <marc:datafield tag="100" ind1="1" ind2=" ">
            <marc:subfield code="a">Kimball, Bruce</marc:subfield>
            <marc:subfield code="e">author</marc:subfield>
        </marc:datafield>
        <marc:datafield tag="245" ind1="1" ind2="0">
            <marc:subfield code="a">Similar estimates of temperature impacts on global wheat yield by three independent methods</marc:subfield>
        </marc:datafield>
        <marc:datafield tag="300" ind1=" " ind2=" ">
            <marc:subfield code="a">p. 1130-1136.</marc:subfield>
        </marc:datafield>
        <marc:datafield tag="506" ind1=" " ind2=" ">
            <marc:subfield code="a">Works produced by employees of the U.S. Government as part of their official duties are not copyrighted within the U.S. The content of this document is not copyrighted.</marc:subfield>
        </marc:datafield>
        <marc:datafield tag="520" ind1=" " ind2=" ">
            <marc:subfield code="a">The potential impact of global temperature change on global wheat production has recently been assessed with different methods, scaling and aggregation approaches. Here we show that grid-based simulations, point-based simulations, and statistical regressions produce similar estimates of temperature impact on wheat yields at global and national scales. With a 1°C global temperature increase, global wheat yield is projected to decline by between 4.1% and 6.0%, a relatively narrow range considering the different methods used. Projected temperature impacts from different methods were very similar for major wheat producing countries China, India, USA and France, but less so for Russia. At the location scale, the point-based method simulated higher responses to temperature than the grid-based method. Specifically, the point-based method tended to predict more yield loss with increasing temperature at cooler locations and less yield loss at warmer locations. However, both point-based and grid-based simulations, and to some extent the statistical regressions, were consistent in predicting that warmer regions are likely to suffer more yield reductions with increasing temperature than cooler regions. By forming a multi-method ensemble, it was possible to quantify 'method uncertainty' in addition to model uncertainty. Use of multi-methods model ensembles should significantly improves the accuracy of estimates of climate impacts on global food security.</marc:subfield>
        </marc:datafield>
        <marc:datafield tag="593" ind1=" " ind2=" ">
            <marc:subfield code="a">PubAg article</marc:subfield>
        </marc:datafield>
        <marc:datafield tag="593" ind1=" " ind2=" ">
            <marc:subfield code="c">USDA submission</marc:subfield>
        </marc:datafield>
        <marc:datafield tag="594" ind1=" " ind2=" ">
            <marc:subfield code="a">Embargoed article</marc:subfield>
        </marc:datafield>
        <marc:datafield tag="595" ind1=" " ind2=" ">
            <marc:subfield code="a">1027</marc:subfield>
            <marc:subfield code="b">rdonahue</marc:subfield>
            <marc:subfield code="c">2017-02-01</marc:subfield>
            <marc:subfield code="d">cmartinez</marc:subfield>
            <marc:subfield code="e">2017-02-09</marc:subfield>
        </marc:datafield>
        <marc:datafield tag="593" ind1=" " ind2=" ">
            <marc:subfield code="e">ARIS manuscript</marc:subfield>
        </marc:datafield>
        <marc:datafield tag="650" ind1=" " ind2="3">
            <marc:subfield code="a">Triticum aestivum</marc:subfield>
        </marc:datafield>
        <marc:datafield tag="650" ind1=" " ind2="3">
            <marc:subfield code="a">climate</marc:subfield>
        </marc:datafield>
        <marc:datafield tag="650" ind1=" " ind2="3">
            <marc:subfield code="a">food security</marc:subfield>
        </marc:datafield>
        <marc:datafield tag="650" ind1=" " ind2="3">
            <marc:subfield code="a">global warming</marc:subfield>
        </marc:datafield>
        <marc:datafield tag="650" ind1=" " ind2="3">
            <marc:subfield code="a">grain yield</marc:subfield>
        </marc:datafield>
        <marc:datafield tag="650" ind1=" " ind2="3">
            <marc:subfield code="a">model uncertainty</marc:subfield>
        </marc:datafield>
        <marc:datafield tag="650" ind1=" " ind2="3">
            <marc:subfield code="a">prediction</marc:subfield>
        </marc:datafield>
        <marc:datafield tag="650" ind1=" " ind2="3">
            <marc:subfield code="a">temperature</marc:subfield>
        </marc:datafield>
        <marc:datafield tag="650" ind1=" " ind2="3">
            <marc:subfield code="a">wheat</marc:subfield>
        </marc:datafield>
        <marc:datafield tag="651" ind1=" " ind2="3">
            <marc:subfield code="a">China</marc:subfield>
        </marc:datafield>
        <marc:datafield tag="651" ind1=" " ind2="3">
            <marc:subfield code="a">France</marc:subfield>
        </marc:datafield>
        <marc:datafield tag="651" ind1=" " ind2="3">
            <marc:subfield code="a">India</marc:subfield>
        </marc:datafield>
        <marc:datafield tag="651" ind1=" " ind2="3">
            <marc:subfield code="a">Russia</marc:subfield>
        </marc:datafield>
        <marc:datafield tag="651" ind1=" " ind2="3">
            <marc:subfield code="a">United States</marc:subfield>
        </marc:datafield>
        <marc:datafield tag="773" ind1="0" ind2=" ">
            <marc:subfield code="t">Nature Climate Change.</marc:subfield>
            <marc:subfield code="g">2016 Sept. 12, v. 6, no. 12 p.1130-1136</marc:subfield>
            <marc:subfield code="w">Source:1</marc:subfield>
            <marc:subfield code="x">1758-678X</marc:subfield>
            <marc:subfield code="7">nnas</marc:subfield>
        </marc:datafield>
        <marc:datafield tag="787" ind1="1" ind2=" ">
            <marc:subfield code="o">islandora_article_repository</marc:subfield>
        </marc:datafield>
        <marc:datafield tag="787" ind1="1" ind2=" ">
            <marc:subfield code="o">product_pubag</marc:subfield>
        </marc:datafield>
        <marc:datafield tag="856" ind1="4" ind2="0">
            <marc:subfield code="u">https://handle.nal.usda.gov/10113/63143</marc:subfield>
            <marc:subfield code="3">Available in the National Agricultural Library PubAg search system</marc:subfield>
        </marc:datafield>
        <marc:datafield tag="856" ind1="4" ind2="0">
            <marc:subfield code="u">http://dx.doi.org/10.1038/NCLIMATE3115</marc:subfield>
            <marc:subfield code="3">Available from publisher's site</marc:subfield>
        </marc:datafield>
        <marc:datafield tag="912" ind1=" " ind2=" ">
            <marc:subfield code="a">Article</marc:subfield>
        </marc:datafield>
        <marc:datafield tag="914" ind1=" " ind2=" ">
            <marc:subfield code="f">Nature Climate Change</marc:subfield>
        </marc:datafield>
        <marc:datafield tag="916" ind1=" " ind2=" ">
            <marc:subfield code="a">Batch:1544</marc:subfield>
        </marc:datafield>
        <marc:datafield tag="917" ind1=" " ind2=" ">
            <marc:subfield code="a">issued</marc:subfield>
        </marc:datafield>
        <marc:datafield tag="935" ind1=" " ind2=" ">
            <marc:subfield code="a">IND600063143</marc:subfield>
            <marc:subfield code="9">ExL</marc:subfield>
        </marc:datafield>
        <marc:datafield tag="949" ind1=" " ind2=" ">
            <marc:subfield code="a">2017-02-22</marc:subfield>
        </marc:datafield>
        <marc:datafield tag="956" ind1=" " ind2=" ">
            <marc:subfield code="a">ARIS submission</marc:subfield>
            <marc:subfield code="b">https://submit.nal.usda.gov/system/files/submissions/Liu%20Asseng%202016%20climate%20change%20wheat%20yields%20productivity%20modeling.pdf</marc:subfield>
        </marc:datafield>
        <marc:datafield tag="961" ind1=" " ind2=" ">
            <marc:subfield code="a">USDA</marc:subfield>
        </marc:datafield>
        <marc:datafield tag="962" ind1=" " ind2=" ">
            <marc:subfield code="a">USDA Scientist Submission</marc:subfield>
        </marc:datafield>
        <marc:datafield tag="962" ind1=" " ind2=" ">
            <marc:subfield code="a">Missing ISSN</marc:subfield>
        </marc:datafield>
        <marc:datafield tag="962" ind1=" " ind2=" ">
            <marc:subfield code="a">Batch:1544 reviewed on 2017-02-22T15:00:02Z</marc:subfield>
        </marc:datafield>
        <marc:datafield tag="974" ind1=" " ind2=" ">
            <marc:subfield code="a">agid:63143</marc:subfield>
        </marc:datafield>
        <marc:datafield tag="979" ind1=" " ind2=" ">
            <marc:subfield code="a">Article missing volume number</marc:subfield>
        </marc:datafield>
        <marc:datafield tag="983" ind1=" " ind2=" ">
            <marc:subfield code="a">2016-09-16</marc:subfield>
        </marc:datafield>
        <marc:datafield tag="984" ind1=" " ind2=" ">
            <marc:subfield code="a">2017-02-22</marc:subfield>
        </marc:datafield>
        <marc:datafield tag="985" ind1=" " ind2=" ">
            <marc:subfield code="a">USDA submission converted from Drupal to MODS version 3.4 using submission2mods.xsl (Revision 1.002 2014/01/28)</marc:subfield>
        </marc:datafield>
        <marc:datafield tag="986" ind1=" " ind2=" ">
            <marc:subfield code="a">ns11355</marc:subfield>
        </marc:datafield>
    </marc:record>