
    <marc:record>
        <marc:leader>03734nab a2200637 u 4500</marc:leader>
        <marc:controlfield tag="001">9915618551007426</marc:controlfield>
        <marc:controlfield tag="005">20221118233855.0</marc:controlfield>
        <marc:controlfield tag="008">180102e200312  xx |||||o|||||||||||eng||</marc:controlfield>
        <marc:datafield tag="016" ind1="7" ind2=" ">
            <marc:subfield code="a">IND605875259</marc:subfield>
            <marc:subfield code="2">DNAL</marc:subfield>
        </marc:datafield>
        <marc:datafield tag="024" ind1="7" ind2=" ">
            <marc:subfield code="a">10.1890/025295</marc:subfield>
            <marc:subfield code="2">doi</marc:subfield>
        </marc:datafield>
        <marc:datafield tag="035" ind1=" " ind2=" ">
            <marc:subfield code="a">agid:5875259-01nal_inst</marc:subfield>
        </marc:datafield>
        <marc:datafield tag="040" ind1=" " ind2=" ">
            <marc:subfield code="a">AGL</marc:subfield>
            <marc:subfield code="b">eng</marc:subfield>
            <marc:subfield code="c">AGL</marc:subfield>
        </marc:datafield>
        <marc:datafield tag="100" ind1="1" ind2=" ">
            <marc:subfield code="a">Lenihan, James M.</marc:subfield>
            <marc:subfield code="e">author</marc:subfield>
            <marc:subfield code="u">USDA Forest Service Pacific Northwest Research Station, Corvallis, Oregon 97731 USA</marc:subfield>
        </marc:datafield>
        <marc:datafield tag="245" ind1="1" ind2="0">
            <marc:subfield code="a">Climate change effects on vegetation distribution, carbon, and fire in california</marc:subfield>
        </marc:datafield>
        <marc:datafield tag="300" ind1=" " ind2=" ">
            <marc:subfield code="a">p. 1667-1681.</marc:subfield>
        </marc:datafield>
        <marc:datafield tag="500" ind1=" " ind2=" ">
            <marc:subfield code="a">JOURNAL ARTICLE</marc:subfield>
        </marc:datafield>
        <marc:datafield tag="520" ind1=" " ind2=" ">
            <marc:subfield code="a">The objective of this study was to dynamically simulate the response of vegetation distribution, carbon, and fire to the historical climate and to two contrasting scenarios of climate change in California. The results of the simulations for the historical climate compared favorably to independent estimates and observations, but validation of the results was complicated by the lack of land use effects in the model. The response to increasing temperatures under both scenarios was characterized by a shift in dominance from needle‐leaved to broad‐leaved life‐forms and by increases in vegetation productivity, especially in the relatively cool and mesic regions of the state. The simulated response to changes in precipitation were complex, involving not only the effect of changes in soil moisture on vegetation productivity, but also changes in tree–grass competition mediated by fire. Summer months were warmer and persistently dry under both scenarios, so the trends in simulated fire area under both scenarios were primarily a response to changes in vegetation biomass. Total ecosystem carbon increased under both climate scenarios, but the proportions allocated to the wood and grass carbon pools differed. The results of the simulations underscore the potentially large impact of climate change on California ecosystems, and the need for further use and development of dynamic vegetation models using various ensembles of climate change scenarios.</marc:subfield>
        </marc:datafield>
        <marc:datafield tag="592" ind1=" " ind2=" ">
            <marc:subfield code="a">Publisher supplied data</marc:subfield>
        </marc:datafield>
        <marc:datafield tag="593" ind1=" " ind2=" ">
            <marc:subfield code="a">PubAg article</marc:subfield>
        </marc:datafield>
        <marc:datafield tag="650" ind1=" " ind2="3">
            <marc:subfield code="a">biomass</marc:subfield>
        </marc:datafield>
        <marc:datafield tag="650" ind1=" " ind2="3">
            <marc:subfield code="a">carbon</marc:subfield>
        </marc:datafield>
        <marc:datafield tag="650" ind1=" " ind2="3">
            <marc:subfield code="a">carbon sinks</marc:subfield>
        </marc:datafield>
        <marc:datafield tag="650" ind1=" " ind2="3">
            <marc:subfield code="a">climate</marc:subfield>
        </marc:datafield>
        <marc:datafield tag="650" ind1=" " ind2="3">
            <marc:subfield code="a">climate change</marc:subfield>
        </marc:datafield>
        <marc:datafield tag="650" ind1=" " ind2="3">
            <marc:subfield code="a">ecosystems</marc:subfield>
        </marc:datafield>
        <marc:datafield tag="650" ind1=" " ind2="3">
            <marc:subfield code="a">grasses</marc:subfield>
        </marc:datafield>
        <marc:datafield tag="650" ind1=" " ind2="3">
            <marc:subfield code="a">land use</marc:subfield>
        </marc:datafield>
        <marc:datafield tag="650" ind1=" " ind2="3">
            <marc:subfield code="a">models</marc:subfield>
        </marc:datafield>
        <marc:datafield tag="650" ind1=" " ind2="3">
            <marc:subfield code="a">population distribution</marc:subfield>
        </marc:datafield>
        <marc:datafield tag="650" ind1=" " ind2="3">
            <marc:subfield code="a">soil water</marc:subfield>
        </marc:datafield>
        <marc:datafield tag="650" ind1=" " ind2="3">
            <marc:subfield code="a">temperature</marc:subfield>
        </marc:datafield>
        <marc:datafield tag="650" ind1=" " ind2="3">
            <marc:subfield code="a">vegetation</marc:subfield>
        </marc:datafield>
        <marc:datafield tag="650" ind1=" " ind2="3">
            <marc:subfield code="a">wood</marc:subfield>
        </marc:datafield>
        <marc:datafield tag="651" ind1=" " ind2="3">
            <marc:subfield code="a">California</marc:subfield>
        </marc:datafield>
        <marc:datafield tag="700" ind1="1" ind2=" ">
            <marc:subfield code="a">Drapek, Raymond</marc:subfield>
            <marc:subfield code="e">author</marc:subfield>
            <marc:subfield code="u">USDA Forest Service Pacific Northwest Research Station, Corvallis, Oregon 97731 USA</marc:subfield>
        </marc:datafield>
        <marc:datafield tag="700" ind1="1" ind2=" ">
            <marc:subfield code="a">Bachelet, Dominique</marc:subfield>
            <marc:subfield code="e">author</marc:subfield>
            <marc:subfield code="u">Department of Bioresource Engineering, Oregon State University, Corvallis, Oregon 97331 USA</marc:subfield>
        </marc:datafield>
        <marc:datafield tag="700" ind1="1" ind2=" ">
            <marc:subfield code="a">Neilson, Ronald P.</marc:subfield>
            <marc:subfield code="e">author</marc:subfield>
            <marc:subfield code="u">USDA Forest Service Pacific Northwest Research Station, Corvallis, Oregon 97731 USA</marc:subfield>
        </marc:datafield>
        <marc:datafield tag="773" ind1="0" ind2=" ">
            <marc:subfield code="t">Ecological applications.</marc:subfield>
            <marc:subfield code="g">2003 Dec., v. 13, no. 6 p.1667-1681</marc:subfield>
            <marc:subfield code="d">Ecological Society of America</marc:subfield>
            <marc:subfield code="w">Journal:jnl47193</marc:subfield>
            <marc:subfield code="x">1051-0761</marc:subfield>
            <marc:subfield code="7">nnas</marc:subfield>
        </marc:datafield>
        <marc:datafield tag="787" ind1="1" ind2=" ">
            <marc:subfield code="o">islandora_article_repository</marc:subfield>
        </marc:datafield>
        <marc:datafield tag="787" ind1="1" ind2=" ">
            <marc:subfield code="o">product_pubag</marc:subfield>
        </marc:datafield>
        <marc:datafield tag="787" ind1="1" ind2=" ">
            <marc:subfield code="o">(Journal)jnl47193</marc:subfield>
        </marc:datafield>
        <marc:datafield tag="856" ind1="4" ind2="0">
            <marc:subfield code="u">http://dx.doi.org/10.1890/025295</marc:subfield>
            <marc:subfield code="3">Available from publisher's site</marc:subfield>
        </marc:datafield>
        <marc:datafield tag="912" ind1=" " ind2=" ">
            <marc:subfield code="a">Article</marc:subfield>
        </marc:datafield>
        <marc:datafield tag="914" ind1=" " ind2=" ">
            <marc:subfield code="a">Journal:jnl47193</marc:subfield>
            <marc:subfield code="b">1051-0761</marc:subfield>
            <marc:subfield code="c">13</marc:subfield>
            <marc:subfield code="d">6</marc:subfield>
            <marc:subfield code="e">1667</marc:subfield>
        </marc:datafield>
        <marc:datafield tag="914" ind1=" " ind2=" ">
            <marc:subfield code="f">Ecological applications</marc:subfield>
        </marc:datafield>
        <marc:datafield tag="916" ind1=" " ind2=" ">
            <marc:subfield code="a">Batch:1909</marc:subfield>
        </marc:datafield>
        <marc:datafield tag="917" ind1=" " ind2=" ">
            <marc:subfield code="a">issued</marc:subfield>
        </marc:datafield>
        <marc:datafield tag="918" ind1="2" ind2=" ">
            <marc:subfield code="a">John Wiley &amp; Sons, Inc</marc:subfield>
            <marc:subfield code="e">provider</marc:subfield>
            <marc:subfield code="5">DNAL</marc:subfield>
        </marc:datafield>
        <marc:datafield tag="935" ind1=" " ind2=" ">
            <marc:subfield code="a">IND605875259</marc:subfield>
            <marc:subfield code="9">ExL</marc:subfield>
        </marc:datafield>
        <marc:datafield tag="949" ind1=" " ind2=" ">
            <marc:subfield code="a">2018-03-01</marc:subfield>
        </marc:datafield>
        <marc:datafield tag="953" ind1=" " ind2=" ">
            <marc:subfield code="a">10510761_2003_13_6.xml</marc:subfield>
        </marc:datafield>
        <marc:datafield tag="961" ind1=" " ind2=" ">
            <marc:subfield code="a">USDA/FS</marc:subfield>
        </marc:datafield>
        <marc:datafield tag="962" ind1=" " ind2=" ">
            <marc:subfield code="a">Batch:1909 reviewed on 2018-03-01T15:00:03Z</marc:subfield>
        </marc:datafield>
        <marc:datafield tag="974" ind1=" " ind2=" ">
            <marc:subfield code="a">agid:5875259</marc:subfield>
        </marc:datafield>
        <marc:datafield tag="983" ind1=" " ind2=" ">
            <marc:subfield code="a">2018-01-02</marc:subfield>
        </marc:datafield>
        <marc:datafield tag="984" ind1=" " ind2=" ">
            <marc:subfield code="a">2018-03-01</marc:subfield>
        </marc:datafield>
    </marc:record>