
    <marc:record>
        <marc:leader>09854nab a2201057 u 4500</marc:leader>
        <marc:controlfield tag="001">9915622064507426</marc:controlfield>
        <marc:controlfield tag="005">20221119123431.0</marc:controlfield>
        <marc:controlfield tag="008">201124e202012  xx |||||o|||||||||||eng||</marc:controlfield>
        <marc:datafield tag="016" ind1="7" ind2=" ">
            <marc:subfield code="a">IND607183035</marc:subfield>
            <marc:subfield code="2">DNAL</marc:subfield>
        </marc:datafield>
        <marc:datafield tag="024" ind1="7" ind2=" ">
            <marc:subfield code="a">10.1111/gcb.15308</marc:subfield>
            <marc:subfield code="2">doi</marc:subfield>
        </marc:datafield>
        <marc:datafield tag="035" ind1=" " ind2=" ">
            <marc:subfield code="a">agid:7183035-01nal_inst</marc:subfield>
        </marc:datafield>
        <marc:datafield tag="040" ind1=" " ind2=" ">
            <marc:subfield code="a">AGL</marc:subfield>
            <marc:subfield code="b">eng</marc:subfield>
            <marc:subfield code="c">AGL</marc:subfield>
        </marc:datafield>
        <marc:datafield tag="100" ind1="1" ind2=" ">
            <marc:subfield code="a">Risch, Anita C.</marc:subfield>
            <marc:subfield code="e">author</marc:subfield>
            <marc:subfield code="u">Swiss Federal Institute for Forest, Snow and Landscape Research, Birmensdorf, Switzerland</marc:subfield>
            <marc:subfield code="1">https://orcid.org/0000-0003-0531-8336</marc:subfield>
        </marc:datafield>
        <marc:datafield tag="245" ind1="1" ind2="0">
            <marc:subfield code="a">Global impacts of fertilization and herbivore removal on soil net nitrogen mineralization are modulated by local climate and soil properties</marc:subfield>
        </marc:datafield>
        <marc:datafield tag="300" ind1=" " ind2=" ">
            <marc:subfield code="a">p. 7173-7185.</marc:subfield>
        </marc:datafield>
        <marc:datafield tag="500" ind1=" " ind2=" ">
            <marc:subfield code="a">NAL-AP-2-clean</marc:subfield>
        </marc:datafield>
        <marc:datafield tag="500" ind1=" " ind2=" ">
            <marc:subfield code="a">JOURNAL ARTICLE</marc:subfield>
        </marc:datafield>
        <marc:datafield tag="520" ind1=" " ind2=" ">
            <marc:subfield code="a">Soil nitrogen (N) availability is critical for grassland functioning. However, human activities have increased the supply of biologically limiting nutrients, and changed the density and identity of mammalian herbivores. These anthropogenic changes may alter net soil N mineralization (soil net Nₘᵢₙ), that is, the net balance between N mineralization and immobilization, which could severely impact grassland structure and functioning. Yet, to date, little is known about how fertilization and herbivore removal individually, or jointly, affect soil net Nₘᵢₙ across a wide range of grasslands that vary in soil and climatic properties. Here we collected data from 22 grasslands on five continents, all part of a globally replicated experiment, to assess how fertilization and herbivore removal affected potential (laboratory‐based) and realized (field‐based) soil net Nₘᵢₙ. Herbivore removal in the absence of fertilization did not alter potential and realized soil net Nₘᵢₙ. However, fertilization alone and in combination with herbivore removal consistently increased potential soil net Nₘᵢₙ. Realized soil net Nₘᵢₙ, in contrast, significantly decreased in fertilized plots where herbivores were removed. Treatment effects on potential and realized soil net Nₘᵢₙ were contingent on site‐specific soil and climatic properties. Fertilization effects on potential soil net Nₘᵢₙ were larger at sites with higher mean annual precipitation (MAP) and temperature of the wettest quarter (T.q.wet). Reciprocally, realized soil net Nₘᵢₙ declined most strongly with fertilization and herbivore removal at sites with lower MAP and higher T.q.wet. In summary, our findings show that anthropogenic nutrient enrichment, herbivore exclusion and alterations in future climatic conditions can negatively impact soil net Nₘᵢₙ across global grasslands under realistic field conditions. This is an important context‐dependent knowledge for grassland management worldwide.</marc:subfield>
        </marc:datafield>
        <marc:datafield tag="592" ind1=" " ind2=" ">
            <marc:subfield code="a">Publisher supplied data</marc:subfield>
        </marc:datafield>
        <marc:datafield tag="593" ind1=" " ind2=" ">
            <marc:subfield code="a">PubAg article</marc:subfield>
        </marc:datafield>
        <marc:datafield tag="596" ind1=" " ind2=" ">
            <marc:subfield code="c">WSL</marc:subfield>
        </marc:datafield>
        <marc:datafield tag="596" ind1=" " ind2=" ">
            <marc:subfield code="a">NSF‐DEB‐1042132</marc:subfield>
            <marc:subfield code="c">National Science Foundation Research Coordination Network</marc:subfield>
        </marc:datafield>
        <marc:datafield tag="596" ind1=" " ind2=" ">
            <marc:subfield code="a">NSF‐DEB‐1234162</marc:subfield>
            <marc:subfield code="c">Long‐Term Ecological Research (LTER) program</marc:subfield>
        </marc:datafield>
        <marc:datafield tag="596" ind1=" " ind2=" ">
            <marc:subfield code="a">DG‐0001‐13</marc:subfield>
            <marc:subfield code="c">Institute on the Environment at the University of Minnesota</marc:subfield>
        </marc:datafield>
        <marc:datafield tag="596" ind1=" " ind2=" ">
            <marc:subfield code="a">FZT 118</marc:subfield>
            <marc:subfield code="c">German Research Foundation</marc:subfield>
        </marc:datafield>
        <marc:datafield tag="596" ind1=" " ind2=" ">
            <marc:subfield code="c">TERN Great Western Woodlands Supersite</marc:subfield>
        </marc:datafield>
        <marc:datafield tag="596" ind1=" " ind2=" ">
            <marc:subfield code="a">UIDB/00239/2020</marc:subfield>
            <marc:subfield code="c">CEF</marc:subfield>
        </marc:datafield>
        <marc:datafield tag="596" ind1=" " ind2=" ">
            <marc:subfield code="c">USDA‐ARS</marc:subfield>
        </marc:datafield>
        <marc:datafield tag="650" ind1=" " ind2="3">
            <marc:subfield code="a">atmospheric precipitation</marc:subfield>
        </marc:datafield>
        <marc:datafield tag="650" ind1=" " ind2="3">
            <marc:subfield code="a">global change</marc:subfield>
        </marc:datafield>
        <marc:datafield tag="650" ind1=" " ind2="3">
            <marc:subfield code="a">grassland management</marc:subfield>
        </marc:datafield>
        <marc:datafield tag="650" ind1=" " ind2="3">
            <marc:subfield code="a">grasslands</marc:subfield>
        </marc:datafield>
        <marc:datafield tag="650" ind1=" " ind2="3">
            <marc:subfield code="a">herbivores</marc:subfield>
        </marc:datafield>
        <marc:datafield tag="650" ind1=" " ind2="3">
            <marc:subfield code="a">humans</marc:subfield>
        </marc:datafield>
        <marc:datafield tag="650" ind1=" " ind2="3">
            <marc:subfield code="a">mineralization</marc:subfield>
        </marc:datafield>
        <marc:datafield tag="650" ind1=" " ind2="3">
            <marc:subfield code="a">nitrogen</marc:subfield>
        </marc:datafield>
        <marc:datafield tag="650" ind1=" " ind2="3">
            <marc:subfield code="a">temperature</marc:subfield>
        </marc:datafield>
        <marc:datafield tag="700" ind1="1" ind2=" ">
            <marc:subfield code="a">Zimmermann, Stefan</marc:subfield>
            <marc:subfield code="e">author</marc:subfield>
            <marc:subfield code="u">Swiss Federal Institute for Forest, Snow and Landscape Research, Birmensdorf, Switzerland</marc:subfield>
            <marc:subfield code="1">https://orcid.org/0000-0002-7085-0284</marc:subfield>
        </marc:datafield>
        <marc:datafield tag="700" ind1="1" ind2=" ">
            <marc:subfield code="a">Moser, Barbara</marc:subfield>
            <marc:subfield code="e">author</marc:subfield>
            <marc:subfield code="u">Swiss Federal Institute for Forest, Snow and Landscape Research, Birmensdorf, Switzerland</marc:subfield>
            <marc:subfield code="1">https://orcid.org/0000-0002-4305-7192</marc:subfield>
        </marc:datafield>
        <marc:datafield tag="700" ind1="1" ind2=" ">
            <marc:subfield code="a">Schütz, Martin</marc:subfield>
            <marc:subfield code="e">author</marc:subfield>
            <marc:subfield code="u">Swiss Federal Institute for Forest, Snow and Landscape Research, Birmensdorf, Switzerland</marc:subfield>
        </marc:datafield>
        <marc:datafield tag="700" ind1="1" ind2=" ">
            <marc:subfield code="a">Hagedorn, Frank</marc:subfield>
            <marc:subfield code="e">author</marc:subfield>
            <marc:subfield code="u">Swiss Federal Institute for Forest, Snow and Landscape Research, Birmensdorf, Switzerland</marc:subfield>
        </marc:datafield>
        <marc:datafield tag="700" ind1="1" ind2=" ">
            <marc:subfield code="a">Firn, Jennifer</marc:subfield>
            <marc:subfield code="e">author</marc:subfield>
            <marc:subfield code="u">School of Earth, Environmental and Biological Sciences, Science and Engineering Faculty, Queensland University of Technology (QUT), Brisbane, Qld, Australia</marc:subfield>
            <marc:subfield code="1">https://orcid.org/0000-0001-6026-8912</marc:subfield>
        </marc:datafield>
        <marc:datafield tag="700" ind1="1" ind2=" ">
            <marc:subfield code="a">Fay, Philip A.</marc:subfield>
            <marc:subfield code="e">author</marc:subfield>
            <marc:subfield code="u">USDA‐ARS Grassland, Soil, and Water Research Laboratory, Temple, TX, USA</marc:subfield>
        </marc:datafield>
        <marc:datafield tag="700" ind1="1" ind2=" ">
            <marc:subfield code="a">Adler, Peter B.</marc:subfield>
            <marc:subfield code="e">author</marc:subfield>
            <marc:subfield code="u">Department of Wildland Resources and the Ecology Center, Utah State University, Logan, UT, USA</marc:subfield>
        </marc:datafield>
        <marc:datafield tag="700" ind1="1" ind2=" ">
            <marc:subfield code="a">Biederman, Lori A.</marc:subfield>
            <marc:subfield code="e">author</marc:subfield>
            <marc:subfield code="u">Department of Ecology, Evolution, and Organismal Biology, Iowa State University, Ames, IA, USA</marc:subfield>
            <marc:subfield code="1">https://orcid.org/0000-0003-2171-7898</marc:subfield>
        </marc:datafield>
        <marc:datafield tag="700" ind1="1" ind2=" ">
            <marc:subfield code="a">Blair, John M.</marc:subfield>
            <marc:subfield code="e">author</marc:subfield>
            <marc:subfield code="u">Division of Biology, Kansas State University, Manhattan, KS, USA</marc:subfield>
            <marc:subfield code="1">https://orcid.org/0000-0003-0072-0721</marc:subfield>
        </marc:datafield>
        <marc:datafield tag="700" ind1="1" ind2=" ">
            <marc:subfield code="a">Borer, Elizabeth T.</marc:subfield>
            <marc:subfield code="e">author</marc:subfield>
            <marc:subfield code="u">Department of Ecology, Evolution, and Behavior, University of Minnesota, St. Paul, MN, USA</marc:subfield>
            <marc:subfield code="1">https://orcid.org/0000-0003-2259-5853</marc:subfield>
        </marc:datafield>
        <marc:datafield tag="700" ind1="1" ind2=" ">
            <marc:subfield code="a">Broadbent, Arthur A. D.</marc:subfield>
            <marc:subfield code="e">author</marc:subfield>
            <marc:subfield code="u">Department of Earth and Environmental Sciences, The University of Manchester, Manchester, UK</marc:subfield>
            <marc:subfield code="1">https://orcid.org/0000-0002-8438-7163</marc:subfield>
        </marc:datafield>
        <marc:datafield tag="700" ind1="1" ind2=" ">
            <marc:subfield code="a">Brown, Cynthia S.</marc:subfield>
            <marc:subfield code="e">author</marc:subfield>
            <marc:subfield code="u">Department of Agricultural Biology, Graduate Degree Program in Ecology, Colorado State University, Fort Collins, CO, USA</marc:subfield>
            <marc:subfield code="1">https://orcid.org/0000-0001-8486-7119</marc:subfield>
        </marc:datafield>
        <marc:datafield tag="700" ind1="1" ind2=" ">
            <marc:subfield code="a">Cadotte, Marc W.</marc:subfield>
            <marc:subfield code="e">author</marc:subfield>
            <marc:subfield code="u">Department of Biological Sciences, University of Toronto‐Scarborough, Toronto, ON, Canada</marc:subfield>
        </marc:datafield>
        <marc:datafield tag="700" ind1="1" ind2=" ">
            <marc:subfield code="a">Caldeira, Maria C.</marc:subfield>
            <marc:subfield code="e">author</marc:subfield>
            <marc:subfield code="u">Centro de Estudos Florestais, Instituto Superior de Agronomia, Universidade de Lisboa, Lisbon, Portugal</marc:subfield>
            <marc:subfield code="1">https://orcid.org/0000-0002-3586-8526</marc:subfield>
        </marc:datafield>
        <marc:datafield tag="700" ind1="1" ind2=" ">
            <marc:subfield code="a">Davies, Kendi F.</marc:subfield>
            <marc:subfield code="e">author</marc:subfield>
            <marc:subfield code="u">Department of Ecology and Evolutionary Biology, University of Colorado, Boulder, CO, USA</marc:subfield>
        </marc:datafield>
        <marc:datafield tag="700" ind1="1" ind2=" ">
            <marc:subfield code="a">di Virgilio, Augustina</marc:subfield>
            <marc:subfield code="e">author</marc:subfield>
            <marc:subfield code="u">Grupo de Investigaciones en Biología de la Conservación, INIBIOMA (CONICET‐UNCOMA), Bariloche, Argentina</marc:subfield>
        </marc:datafield>
        <marc:datafield tag="700" ind1="1" ind2=" ">
            <marc:subfield code="a">Eisenhauer, Nico</marc:subfield>
            <marc:subfield code="e">author</marc:subfield>
            <marc:subfield code="u">German Centre for Integrative Biodiversity Research (iDiv) Halle‐Jena‐Leipzig, Leipzig, Germany</marc:subfield>
            <marc:subfield code="1">https://orcid.org/0000-0002-0371-6720</marc:subfield>
        </marc:datafield>
        <marc:datafield tag="700" ind1="1" ind2=" ">
            <marc:subfield code="a">Eskelinen, Anu</marc:subfield>
            <marc:subfield code="e">author</marc:subfield>
            <marc:subfield code="u">German Centre for Integrative Biodiversity Research (iDiv) Halle‐Jena‐Leipzig, Leipzig, Germany</marc:subfield>
            <marc:subfield code="1">https://orcid.org/0000-0003-1707-5263</marc:subfield>
        </marc:datafield>
        <marc:datafield tag="700" ind1="1" ind2=" ">
            <marc:subfield code="a">Knops, Johannes M. H.</marc:subfield>
            <marc:subfield code="e">author</marc:subfield>
            <marc:subfield code="u">Department of Health &amp; Environmental Sciences, Xi'an Jiaotong Liverpool University, Suzhou, China</marc:subfield>
        </marc:datafield>
        <marc:datafield tag="700" ind1="1" ind2=" ">
            <marc:subfield code="a">MacDougall, Andrew S.</marc:subfield>
            <marc:subfield code="e">author</marc:subfield>
            <marc:subfield code="u">Department of Integrative Biology, University of Guelph, Guelph, ON, Canada</marc:subfield>
        </marc:datafield>
        <marc:datafield tag="700" ind1="1" ind2=" ">
            <marc:subfield code="a">McCulley, Rebecca L.</marc:subfield>
            <marc:subfield code="e">author</marc:subfield>
            <marc:subfield code="u">Department of Plant and Soil Sciences, University of Kentucky, Lexington, KY, USA</marc:subfield>
            <marc:subfield code="1">https://orcid.org/0000-0002-2393-0599</marc:subfield>
        </marc:datafield>
        <marc:datafield tag="700" ind1="1" ind2=" ">
            <marc:subfield code="a">Melbourne, Brett A.</marc:subfield>
            <marc:subfield code="e">author</marc:subfield>
            <marc:subfield code="u">Department of Ecology and Evolutionary Biology, University of Colorado, Boulder, CO, USA</marc:subfield>
        </marc:datafield>
        <marc:datafield tag="700" ind1="1" ind2=" ">
            <marc:subfield code="a">Moore, Joslin L.</marc:subfield>
            <marc:subfield code="e">author</marc:subfield>
            <marc:subfield code="u">School of Biological Sciences, Monash University, Clayton Campus, Vic., Australia</marc:subfield>
            <marc:subfield code="1">https://orcid.org/0000-0001-9809-5092</marc:subfield>
        </marc:datafield>
        <marc:datafield tag="700" ind1="1" ind2=" ">
            <marc:subfield code="a">Power, Sally A.</marc:subfield>
            <marc:subfield code="e">author</marc:subfield>
            <marc:subfield code="u">Hawkesbury Institute for the Environment, Western Sydney University, Penrith, NSW, Australia</marc:subfield>
            <marc:subfield code="1">https://orcid.org/0000-0002-2723-8671</marc:subfield>
        </marc:datafield>
        <marc:datafield tag="700" ind1="1" ind2=" ">
            <marc:subfield code="a">Prober, Suzanne M.</marc:subfield>
            <marc:subfield code="e">author</marc:subfield>
            <marc:subfield code="u">CSIRO Land and Water, Wembley, WA, Australia</marc:subfield>
        </marc:datafield>
        <marc:datafield tag="700" ind1="1" ind2=" ">
            <marc:subfield code="a">Seabloom, Eric W.</marc:subfield>
            <marc:subfield code="e">author</marc:subfield>
            <marc:subfield code="u">Department of Ecology, Evolution, and Behavior, University of Minnesota, St. Paul, MN, USA</marc:subfield>
            <marc:subfield code="1">https://orcid.org/0000-0001-6780-9259</marc:subfield>
        </marc:datafield>
        <marc:datafield tag="700" ind1="1" ind2=" ">
            <marc:subfield code="a">Siebert, Julia</marc:subfield>
            <marc:subfield code="e">author</marc:subfield>
            <marc:subfield code="u">German Centre for Integrative Biodiversity Research (iDiv) Halle‐Jena‐Leipzig, Leipzig, Germany</marc:subfield>
            <marc:subfield code="1">https://orcid.org/0000-0001-9720-4146</marc:subfield>
        </marc:datafield>
        <marc:datafield tag="700" ind1="1" ind2=" ">
            <marc:subfield code="a">Silveira, Maria L.</marc:subfield>
            <marc:subfield code="e">author</marc:subfield>
            <marc:subfield code="u">Range Cattle Research and Education Center, University of Florida, Ona, FL, USA</marc:subfield>
        </marc:datafield>
        <marc:datafield tag="700" ind1="1" ind2=" ">
            <marc:subfield code="a">Speziale, Karina L.</marc:subfield>
            <marc:subfield code="e">author</marc:subfield>
            <marc:subfield code="u">Grupo de Investigaciones en Biología de la Conservación, INIBIOMA (CONICET‐UNCOMA), Bariloche, Argentina</marc:subfield>
            <marc:subfield code="1">https://orcid.org/0000-0003-2224-2097</marc:subfield>
        </marc:datafield>
        <marc:datafield tag="700" ind1="1" ind2=" ">
            <marc:subfield code="a">Stevens, Carly J.</marc:subfield>
            <marc:subfield code="e">author</marc:subfield>
            <marc:subfield code="u">Lancaster Environment Centre, Lancaster University, Lancaster, UK</marc:subfield>
            <marc:subfield code="1">https://orcid.org/0000-0002-2390-1763</marc:subfield>
        </marc:datafield>
        <marc:datafield tag="700" ind1="1" ind2=" ">
            <marc:subfield code="a">Tognetti, Pedro M.</marc:subfield>
            <marc:subfield code="e">author</marc:subfield>
            <marc:subfield code="u">Facultad de Agronomía, IFEVA, Universidad de Buenos Aires, CONICET, Buenos Aires, Argentina</marc:subfield>
            <marc:subfield code="1">https://orcid.org/0000-0001-7358-1334</marc:subfield>
        </marc:datafield>
        <marc:datafield tag="700" ind1="1" ind2=" ">
            <marc:subfield code="a">Virtanen, Risto</marc:subfield>
            <marc:subfield code="e">author</marc:subfield>
            <marc:subfield code="u">Department of Ecology and Genetics, University of Oulu, Oulu, Finland</marc:subfield>
            <marc:subfield code="1">https://orcid.org/0000-0002-8295-8217</marc:subfield>
        </marc:datafield>
        <marc:datafield tag="700" ind1="1" ind2=" ">
            <marc:subfield code="a">Yahdjian, Laura</marc:subfield>
            <marc:subfield code="e">author</marc:subfield>
            <marc:subfield code="u">Facultad de Agronomía, IFEVA, Universidad de Buenos Aires, CONICET, Buenos Aires, Argentina</marc:subfield>
            <marc:subfield code="1">https://orcid.org/0000-0002-9635-1221</marc:subfield>
        </marc:datafield>
        <marc:datafield tag="700" ind1="1" ind2=" ">
            <marc:subfield code="a">Ochoa‐Hueso, Raul</marc:subfield>
            <marc:subfield code="e">author</marc:subfield>
            <marc:subfield code="u">Department of Biology, University of Cádiz, Puerto Real, Spain</marc:subfield>
            <marc:subfield code="1">https://orcid.org/0000-0002-1839-6926</marc:subfield>
        </marc:datafield>
        <marc:datafield tag="773" ind1="0" ind2=" ">
            <marc:subfield code="t">Global change biology.</marc:subfield>
            <marc:subfield code="g">2020 Dec., v. 26, no. 12 p.7173-7185</marc:subfield>
            <marc:subfield code="d">John Wiley &amp; Sons, Ltd</marc:subfield>
            <marc:subfield code="w">Journal:jnl57021</marc:subfield>
            <marc:subfield code="x">1354-1013</marc:subfield>
            <marc:subfield code="7">nnas</marc:subfield>
        </marc:datafield>
        <marc:datafield tag="787" ind1="1" ind2=" ">
            <marc:subfield code="o">islandora_article_repository</marc:subfield>
        </marc:datafield>
        <marc:datafield tag="787" ind1="1" ind2=" ">
            <marc:subfield code="o">product_pubag</marc:subfield>
        </marc:datafield>
        <marc:datafield tag="787" ind1="1" ind2=" ">
            <marc:subfield code="o">(Journal)jnl57021</marc:subfield>
        </marc:datafield>
        <marc:datafield tag="856" ind1="4" ind2="0">
            <marc:subfield code="u">http://dx.doi.org/10.1111/gcb.15308</marc:subfield>
            <marc:subfield code="3">Available from publisher's site</marc:subfield>
        </marc:datafield>
        <marc:datafield tag="912" ind1=" " ind2=" ">
            <marc:subfield code="a">Article</marc:subfield>
        </marc:datafield>
        <marc:datafield tag="914" ind1=" " ind2=" ">
            <marc:subfield code="a">Journal:jnl57021</marc:subfield>
            <marc:subfield code="b">1354-1013</marc:subfield>
            <marc:subfield code="c">26</marc:subfield>
            <marc:subfield code="d">12</marc:subfield>
            <marc:subfield code="e">7173</marc:subfield>
        </marc:datafield>
        <marc:datafield tag="914" ind1=" " ind2=" ">
            <marc:subfield code="f">Global change biology</marc:subfield>
        </marc:datafield>
        <marc:datafield tag="916" ind1=" " ind2=" ">
            <marc:subfield code="a">Batch:10149</marc:subfield>
        </marc:datafield>
        <marc:datafield tag="917" ind1=" " ind2=" ">
            <marc:subfield code="a">issued</marc:subfield>
        </marc:datafield>
        <marc:datafield tag="918" ind1="2" ind2=" ">
            <marc:subfield code="a">John Wiley &amp; Sons, Inc</marc:subfield>
            <marc:subfield code="e">provider</marc:subfield>
            <marc:subfield code="5">DNAL</marc:subfield>
        </marc:datafield>
        <marc:datafield tag="935" ind1=" " ind2=" ">
            <marc:subfield code="a">IND607183035</marc:subfield>
            <marc:subfield code="9">ExL</marc:subfield>
        </marc:datafield>
        <marc:datafield tag="949" ind1=" " ind2=" ">
            <marc:subfield code="a">2021-06-18</marc:subfield>
        </marc:datafield>
        <marc:datafield tag="953" ind1=" " ind2=" ">
            <marc:subfield code="a">/data/metadata/incoming/wiley/13541013_2020_26_12.xml</marc:subfield>
        </marc:datafield>
        <marc:datafield tag="954" ind1=" " ind2=" ">
            <marc:subfield code="a">file:/data/metadata/staging/wiley/13541013_2020_26_12.xml</marc:subfield>
        </marc:datafield>
        <marc:datafield tag="955" ind1=" " ind2=" ">
            <marc:subfield code="a">/data/metadata/staging/wiley/</marc:subfield>
        </marc:datafield>
        <marc:datafield tag="961" ind1=" " ind2=" ">
            <marc:subfield code="a">USDA/ARS</marc:subfield>
        </marc:datafield>
        <marc:datafield tag="974" ind1=" " ind2=" ">
            <marc:subfield code="a">agid:7183035</marc:subfield>
        </marc:datafield>
        <marc:datafield tag="983" ind1=" " ind2=" ">
            <marc:subfield code="a">2020-11-24</marc:subfield>
        </marc:datafield>
        <marc:datafield tag="984" ind1=" " ind2=" ">
            <marc:subfield code="a">2021-06-18</marc:subfield>
        </marc:datafield>
    </marc:record>