
    <marc:record>
        <marc:leader>05644nab a2200697 u 4500</marc:leader>
        <marc:controlfield tag="001">9915658661507426</marc:controlfield>
        <marc:controlfield tag="005">20221119185215.0</marc:controlfield>
        <marc:controlfield tag="008">210410e202105  xx |||||o|||||||||||eng||</marc:controlfield>
        <marc:datafield tag="016" ind1="7" ind2=" ">
            <marc:subfield code="a">IND607336672</marc:subfield>
            <marc:subfield code="2">DNAL</marc:subfield>
        </marc:datafield>
        <marc:datafield tag="024" ind1="7" ind2=" ">
            <marc:subfield code="a">10.1111/gcb.15559</marc:subfield>
            <marc:subfield code="2">doi</marc:subfield>
        </marc:datafield>
        <marc:datafield tag="035" ind1=" " ind2=" ">
            <marc:subfield code="a">agid:7336672-01nal_inst</marc:subfield>
        </marc:datafield>
        <marc:datafield tag="040" ind1=" " ind2=" ">
            <marc:subfield code="a">AGL</marc:subfield>
            <marc:subfield code="b">eng</marc:subfield>
            <marc:subfield code="c">AGL</marc:subfield>
        </marc:datafield>
        <marc:datafield tag="100" ind1="1" ind2=" ">
            <marc:subfield code="a">Martínez‐López, Oscar</marc:subfield>
            <marc:subfield code="e">author</marc:subfield>
            <marc:subfield code="u">Departamento Agricultura, Sociedad y Ambiente, El Colegio de la Frontera Sur, San Cristóbal de Las Casas, Chiapas, México</marc:subfield>
            <marc:subfield code="1">https://orcid.org/0000-0002-3996-0928</marc:subfield>
        </marc:datafield>
        <marc:datafield tag="245" ind1="1" ind2="0">
            <marc:subfield code="a">Reduction in the potential distribution of bumble bees (Apidae: Bombus) in Mesoamerica under different climate change scenarios: Conservation implications</marc:subfield>
        </marc:datafield>
        <marc:datafield tag="300" ind1=" " ind2=" ">
            <marc:subfield code="a">p. 1772-1787.</marc:subfield>
        </marc:datafield>
        <marc:datafield tag="500" ind1=" " ind2=" ">
            <marc:subfield code="a">NAL-AP-2-clean</marc:subfield>
        </marc:datafield>
        <marc:datafield tag="500" ind1=" " ind2=" ">
            <marc:subfield code="a">JOURNAL ARTICLE</marc:subfield>
        </marc:datafield>
        <marc:datafield tag="520" ind1=" " ind2=" ">
            <marc:subfield code="a">Bumble bees are an ecologically and economically important group of pollinating insects worldwide. Global climate change is predicted to affect bumble bee ecology including habitat suitability and geographic distribution. Our study aims to estimate the impact of projected climate change on 18 Mesoamerican bumble bee species. We used ecological niche modeling (ENM) using current and future climate emissions scenarios (representative concentration pathway 4.5, 6.0, and 8.5) and models (CCSM4, HadGEM2‐AO, and MIROC‐ESM‐CHEM). Regardless of the scenario and model applied, our results suggest that all bumble bee species are predicted to undergo a reduction in their potential distribution and habitat suitability due to projected climate change. ENMs based on low emission scenarios predict a distribution loss ranging from 7% to 67% depending on the species for the year 2050. Furthermore, we discovered that the reduction of bumble bee geographic range shape will be more evident at the margins of their distribution. The reduction of suitable habitat is predicted to be accompanied by a 100–500 m upslope change in altitude and 1–581 km shift away from the current geographic centroid of a species' distribution. On average, protected natural areas in Mesoamerica cover ~14% of each species' current potential distribution, and this proportion is predicted to increase to ~23% in the high emission climate change scenarios. Our models predict that climate change will reduce Mesoamerican bumble bee habitat suitability, especially for rare species, by reducing their potential distribution ranges and suitability. The small proportion of current and future potential distribution falling in protected natural areas suggests that such areas will likely have marginal contribution to bumble bee habitat conservation. Our results have the capacity to inform stakeholders in designing effective landscape management for bumble bees, which may include developing restoration plans for montane pine oak forests habitats and native flowering plants.</marc:subfield>
        </marc:datafield>
        <marc:datafield tag="592" ind1=" " ind2=" ">
            <marc:subfield code="a">Publisher supplied data</marc:subfield>
        </marc:datafield>
        <marc:datafield tag="593" ind1=" " ind2=" ">
            <marc:subfield code="a">PubAg article</marc:subfield>
        </marc:datafield>
        <marc:datafield tag="596" ind1=" " ind2=" ">
            <marc:subfield code="c">David H. Smith Conservation Research Fellowship</marc:subfield>
        </marc:datafield>
        <marc:datafield tag="596" ind1=" " ind2=" ">
            <marc:subfield code="a">470477</marc:subfield>
            <marc:subfield code="c">Consejo Nacional de Ciencia y Tecnología</marc:subfield>
        </marc:datafield>
        <marc:datafield tag="596" ind1=" " ind2=" ">
            <marc:subfield code="a">291333</marc:subfield>
            <marc:subfield code="c">Secretaría de Agricultura y Desarrollo Rural ‐ Consejo Nacional de Ciencia y Tecnología</marc:subfield>
        </marc:datafield>
        <marc:datafield tag="596" ind1=" " ind2=" ">
            <marc:subfield code="a">JE016</marc:subfield>
            <marc:subfield code="c">Comisión Nacional para el Conocimiento y Uso de la Biodiversidad</marc:subfield>
        </marc:datafield>
        <marc:datafield tag="650" ind1=" " ind2="3">
            <marc:subfield code="a">Bombus</marc:subfield>
        </marc:datafield>
        <marc:datafield tag="650" ind1=" " ind2="3">
            <marc:subfield code="a">altitude</marc:subfield>
        </marc:datafield>
        <marc:datafield tag="650" ind1=" " ind2="3">
            <marc:subfield code="a">climate</marc:subfield>
        </marc:datafield>
        <marc:datafield tag="650" ind1=" " ind2="3">
            <marc:subfield code="a">climate change</marc:subfield>
        </marc:datafield>
        <marc:datafield tag="650" ind1=" " ind2="3">
            <marc:subfield code="a">geographical distribution</marc:subfield>
        </marc:datafield>
        <marc:datafield tag="650" ind1=" " ind2="3">
            <marc:subfield code="a">habitat conservation</marc:subfield>
        </marc:datafield>
        <marc:datafield tag="650" ind1=" " ind2="3">
            <marc:subfield code="a">landscape management</marc:subfield>
        </marc:datafield>
        <marc:datafield tag="650" ind1=" " ind2="3">
            <marc:subfield code="a">models</marc:subfield>
        </marc:datafield>
        <marc:datafield tag="650" ind1=" " ind2="3">
            <marc:subfield code="a">niches</marc:subfield>
        </marc:datafield>
        <marc:datafield tag="650" ind1=" " ind2="3">
            <marc:subfield code="a">rare species</marc:subfield>
        </marc:datafield>
        <marc:datafield tag="650" ind1=" " ind2="3">
            <marc:subfield code="a">stakeholders</marc:subfield>
        </marc:datafield>
        <marc:datafield tag="651" ind1=" " ind2="3">
            <marc:subfield code="a">Central America</marc:subfield>
        </marc:datafield>
        <marc:datafield tag="700" ind1="1" ind2=" ">
            <marc:subfield code="a">Koch, Jonathan B.</marc:subfield>
            <marc:subfield code="e">author</marc:subfield>
            <marc:subfield code="u">United States Department of Agriculture – Agricultural Research Service – Pacific West Area – Pollinating Insects – Biology, Management, and Systematics Research Unit, Logan, UT, USA</marc:subfield>
        </marc:datafield>
        <marc:datafield tag="700" ind1="1" ind2=" ">
            <marc:subfield code="a">Martínez‐Morales, Miguel A.</marc:subfield>
            <marc:subfield code="e">author</marc:subfield>
            <marc:subfield code="u">Departamento Conservación de la Biodiversidad, El Colegio de la Frontera Sur, San Cristóbal de Las Casas, Chiapas, México</marc:subfield>
        </marc:datafield>
        <marc:datafield tag="700" ind1="1" ind2=" ">
            <marc:subfield code="a">Navarrete‐Gutiérrez, Darío</marc:subfield>
            <marc:subfield code="e">author</marc:subfield>
            <marc:subfield code="u">Departamento de Observación y Estudio de la Tierra, la Atmósfera y el Océano, Grupo: Ecología, paisaje y sustentabilidad, El Colegio de la Frontera Sur, San Cristóbal de Las Casas, Chiapas, México</marc:subfield>
        </marc:datafield>
        <marc:datafield tag="700" ind1="1" ind2=" ">
            <marc:subfield code="a">Enríquez, Eunice</marc:subfield>
            <marc:subfield code="e">author</marc:subfield>
            <marc:subfield code="u">Unidad para el Conocimiento, Uso y Valoración de la Biodiversidad, Centro de Estudios Conservacionistas–CECON, Facultad de Ciencias Químicas y Farmacia, Universidad de San Carlos de Guatemala, Guatemala, Guatemala</marc:subfield>
        </marc:datafield>
        <marc:datafield tag="700" ind1="1" ind2=" ">
            <marc:subfield code="a">Vandame, Rémy</marc:subfield>
            <marc:subfield code="e">author</marc:subfield>
            <marc:subfield code="u">Departamento Agricultura, Sociedad y Ambiente, El Colegio de la Frontera Sur, San Cristóbal de Las Casas, Chiapas, México</marc:subfield>
            <marc:subfield code="1">https://orcid.org/0000-0001-6931-1067</marc:subfield>
        </marc:datafield>
        <marc:datafield tag="773" ind1="0" ind2=" ">
            <marc:subfield code="t">Global change biology.</marc:subfield>
            <marc:subfield code="g">2021 May, v. 27, no. 9 p.1772-1787</marc:subfield>
            <marc:subfield code="d">John Wiley &amp; Sons, Ltd</marc:subfield>
            <marc:subfield code="w">Journal:jnl57021</marc:subfield>
            <marc:subfield code="x">1354-1013</marc:subfield>
            <marc:subfield code="7">nnas</marc:subfield>
        </marc:datafield>
        <marc:datafield tag="787" ind1="1" ind2=" ">
            <marc:subfield code="o">islandora_article_repository</marc:subfield>
        </marc:datafield>
        <marc:datafield tag="787" ind1="1" ind2=" ">
            <marc:subfield code="o">product_pubag</marc:subfield>
        </marc:datafield>
        <marc:datafield tag="787" ind1="1" ind2=" ">
            <marc:subfield code="o">(Journal)jnl57021</marc:subfield>
        </marc:datafield>
        <marc:datafield tag="856" ind1="4" ind2="0">
            <marc:subfield code="u">http://dx.doi.org/10.1111/gcb.15559</marc:subfield>
            <marc:subfield code="3">Available from publisher's site</marc:subfield>
        </marc:datafield>
        <marc:datafield tag="912" ind1=" " ind2=" ">
            <marc:subfield code="a">Article</marc:subfield>
        </marc:datafield>
        <marc:datafield tag="914" ind1=" " ind2=" ">
            <marc:subfield code="a">Journal:jnl57021</marc:subfield>
            <marc:subfield code="b">1354-1013</marc:subfield>
            <marc:subfield code="c">27</marc:subfield>
            <marc:subfield code="d">9</marc:subfield>
            <marc:subfield code="e">1772</marc:subfield>
        </marc:datafield>
        <marc:datafield tag="914" ind1=" " ind2=" ">
            <marc:subfield code="f">Global change biology</marc:subfield>
        </marc:datafield>
        <marc:datafield tag="916" ind1=" " ind2=" ">
            <marc:subfield code="a">Batch:10149</marc:subfield>
        </marc:datafield>
        <marc:datafield tag="917" ind1=" " ind2=" ">
            <marc:subfield code="a">issued</marc:subfield>
        </marc:datafield>
        <marc:datafield tag="918" ind1="2" ind2=" ">
            <marc:subfield code="a">John Wiley &amp; Sons, Inc</marc:subfield>
            <marc:subfield code="e">provider</marc:subfield>
            <marc:subfield code="5">DNAL</marc:subfield>
        </marc:datafield>
        <marc:datafield tag="935" ind1=" " ind2=" ">
            <marc:subfield code="a">IND607336672</marc:subfield>
            <marc:subfield code="9">ExL</marc:subfield>
        </marc:datafield>
        <marc:datafield tag="949" ind1=" " ind2=" ">
            <marc:subfield code="a">2021-06-18</marc:subfield>
        </marc:datafield>
        <marc:datafield tag="953" ind1=" " ind2=" ">
            <marc:subfield code="a">/data/metadata/incoming/wiley/13541013_2021_27_9.xml</marc:subfield>
        </marc:datafield>
        <marc:datafield tag="954" ind1=" " ind2=" ">
            <marc:subfield code="a">file:/data/metadata/staging/wiley/13541013_2021_27_9.xml</marc:subfield>
        </marc:datafield>
        <marc:datafield tag="955" ind1=" " ind2=" ">
            <marc:subfield code="a">/data/metadata/staging/wiley/</marc:subfield>
        </marc:datafield>
        <marc:datafield tag="961" ind1=" " ind2=" ">
            <marc:subfield code="a">USDA/ARS</marc:subfield>
        </marc:datafield>
        <marc:datafield tag="974" ind1=" " ind2=" ">
            <marc:subfield code="a">agid:7336672</marc:subfield>
        </marc:datafield>
        <marc:datafield tag="983" ind1=" " ind2=" ">
            <marc:subfield code="a">2021-04-10</marc:subfield>
        </marc:datafield>
        <marc:datafield tag="984" ind1=" " ind2=" ">
            <marc:subfield code="a">2021-06-18</marc:subfield>
        </marc:datafield>
    </marc:record>