
    <marc:record>
        <marc:leader>06804nab a2200889 u 4500</marc:leader>
        <marc:controlfield tag="001">9915689100507426</marc:controlfield>
        <marc:controlfield tag="005">20221119220132.0</marc:controlfield>
        <marc:controlfield tag="008">180619e201801  xx |||||o|||||||||||eng||</marc:controlfield>
        <marc:datafield tag="016" ind1="7" ind2=" ">
            <marc:subfield code="a">IND605899103</marc:subfield>
            <marc:subfield code="2">DNAL</marc:subfield>
        </marc:datafield>
        <marc:datafield tag="024" ind1="7" ind2=" ">
            <marc:subfield code="a">10.1007/s10584-017-2029-6</marc:subfield>
            <marc:subfield code="2">doi</marc:subfield>
        </marc:datafield>
        <marc:datafield tag="024" ind1="7" ind2=" ">
            <marc:subfield code="a">10.1007/s10584-017-2029-6</marc:subfield>
            <marc:subfield code="2">chorus</marc:subfield>
        </marc:datafield>
        <marc:datafield tag="035" ind1=" " ind2=" ">
            <marc:subfield code="a">agid:5899103-01nal_inst</marc:subfield>
        </marc:datafield>
        <marc:datafield tag="040" ind1=" " ind2=" ">
            <marc:subfield code="a">AGL</marc:subfield>
            <marc:subfield code="b">eng</marc:subfield>
            <marc:subfield code="c">AGL</marc:subfield>
        </marc:datafield>
        <marc:datafield tag="100" ind1="1" ind2=" ">
            <marc:subfield code="a">Derner, Justin</marc:subfield>
            <marc:subfield code="e">author</marc:subfield>
            <marc:subfield code="u">USDA-ARS, 8408 Hildreth Road, Cheyenne, WY, 82009, USA. Justin.Derner@ars.usda.gov</marc:subfield>
            <marc:subfield code="1">http://orcid.org/0000-0001-8076-0736</marc:subfield>
        </marc:datafield>
        <marc:datafield tag="245" ind1="1" ind2="0">
            <marc:subfield code="a">Vulnerability of grazing and confined livestock in the Northern Great Plains to projected mid- and late-twenty-first century climate</marc:subfield>
        </marc:datafield>
        <marc:datafield tag="300" ind1=" " ind2=" ">
            <marc:subfield code="a">p. 19-32.</marc:subfield>
        </marc:datafield>
        <marc:datafield tag="520" ind1=" " ind2=" ">
            <marc:subfield code="a">The Northern Great Plains (NGP) region of the USA—which comprises Montana, Wyoming, Colorado, North Dakota, South Dakota, and Nebraska—is a largely rural area that provides numerous ecosystem services, including livestock products, cultural services, and conservation of biological diversity. The region contains 25% of the Nation’s beef cattle and approximately one-third of the confined beef cattle, as well as the largest remaining native prairie in the US—the Northern Mixedgrass Prairie. With rising atmospheric CO₂, the NGP is projected to experience warmer and longer growing seasons, greater climatic variability, and more extreme events (e.g., increased occurrence of large precipitation events). These climatic changes may affect livestock production both directly via physiological impacts on animals and indirectly via modifications to forage, invasion of undesirable plants, and increased exposure to parasites. This raises concerns about the vulnerability of grazing livestock operations and confined livestock operations to projected changes in mid- (2050) and late- (2085) twenty-first century climate. Our objectives are to (1) describe the NGP’s exposure to temperature and precipitation trends, inter-annual variability, and extreme events; (2) evaluate the sensitivity of beef cattle production to direct and indirect effects imposed by these projected climatic changes; and (3) provide a typology of adaptation strategies to minimize adverse consequences of projected changes and maximize beneficial consequences. Agricultural managers have developed considerable adaptive capacity to contend with environmental and economic variability. However, projected climatic changes, especially the increased frequency and magnitude of weather extremes, will require even greater adaptive capacity to maintain viable production systems. Consequently, regional vulnerability to projected climatic changes will be determined not only by ecological responses but also by the adaptive capacity of individual managers. Adaptive capacity in the NGP will differ from other regions, in part because projections suggest some opportunities for increased livestock production. Adaptations in both grazing and confined beef cattle systems will require enhanced decision-making skills capable of integrating biophysical, social, and economic considerations. Social learning networks that support integration of experimental and experiential knowledge—such as lessons learned from early adopters and involvement with science-based organizations—can help enhance decision-making and climate adaptation planning. Many adaptations have already been implemented by a subset of producers in this region, providing opportunities for assessment, further development, and greater adoption. Context-specific decision-making can also be enhanced through science-management partnerships, which aim to build adaptive capacity that recognizes multiple production and conservation/environmental goals.</marc:subfield>
        </marc:datafield>
        <marc:datafield tag="592" ind1=" " ind2=" ">
            <marc:subfield code="a">Publisher supplied data</marc:subfield>
        </marc:datafield>
        <marc:datafield tag="593" ind1=" " ind2=" ">
            <marc:subfield code="a">PubAg article</marc:subfield>
        </marc:datafield>
        <marc:datafield tag="650" ind1=" " ind2="3">
            <marc:subfield code="a">animal products</marc:subfield>
        </marc:datafield>
        <marc:datafield tag="650" ind1=" " ind2="3">
            <marc:subfield code="a">beef cattle</marc:subfield>
        </marc:datafield>
        <marc:datafield tag="650" ind1=" " ind2="3">
            <marc:subfield code="a">biodiversity</marc:subfield>
        </marc:datafield>
        <marc:datafield tag="650" ind1=" " ind2="3">
            <marc:subfield code="a">carbon dioxide</marc:subfield>
        </marc:datafield>
        <marc:datafield tag="650" ind1=" " ind2="3">
            <marc:subfield code="a">cattle production</marc:subfield>
        </marc:datafield>
        <marc:datafield tag="650" ind1=" " ind2="3">
            <marc:subfield code="a">climate</marc:subfield>
        </marc:datafield>
        <marc:datafield tag="650" ind1=" " ind2="3">
            <marc:subfield code="a">climate change</marc:subfield>
        </marc:datafield>
        <marc:datafield tag="650" ind1=" " ind2="3">
            <marc:subfield code="a">decision making</marc:subfield>
        </marc:datafield>
        <marc:datafield tag="650" ind1=" " ind2="3">
            <marc:subfield code="a">ecosystem services</marc:subfield>
        </marc:datafield>
        <marc:datafield tag="650" ind1=" " ind2="3">
            <marc:subfield code="a">grazing</marc:subfield>
        </marc:datafield>
        <marc:datafield tag="650" ind1=" " ind2="3">
            <marc:subfield code="a">growing season</marc:subfield>
        </marc:datafield>
        <marc:datafield tag="650" ind1=" " ind2="3">
            <marc:subfield code="a">learning</marc:subfield>
        </marc:datafield>
        <marc:datafield tag="650" ind1=" " ind2="3">
            <marc:subfield code="a">mixed-grass prairies</marc:subfield>
        </marc:datafield>
        <marc:datafield tag="650" ind1=" " ind2="3">
            <marc:subfield code="a">parasites</marc:subfield>
        </marc:datafield>
        <marc:datafield tag="650" ind1=" " ind2="3">
            <marc:subfield code="a">planning</marc:subfield>
        </marc:datafield>
        <marc:datafield tag="650" ind1=" " ind2="3">
            <marc:subfield code="a">production technology</marc:subfield>
        </marc:datafield>
        <marc:datafield tag="650" ind1=" " ind2="3">
            <marc:subfield code="a">rural areas</marc:subfield>
        </marc:datafield>
        <marc:datafield tag="650" ind1=" " ind2="3">
            <marc:subfield code="a">temperature</marc:subfield>
        </marc:datafield>
        <marc:datafield tag="650" ind1=" " ind2="3">
            <marc:subfield code="a">weather</marc:subfield>
        </marc:datafield>
        <marc:datafield tag="651" ind1=" " ind2="3">
            <marc:subfield code="a">Colorado</marc:subfield>
        </marc:datafield>
        <marc:datafield tag="651" ind1=" " ind2="3">
            <marc:subfield code="a">Great Plains region</marc:subfield>
        </marc:datafield>
        <marc:datafield tag="651" ind1=" " ind2="3">
            <marc:subfield code="a">Montana</marc:subfield>
        </marc:datafield>
        <marc:datafield tag="651" ind1=" " ind2="3">
            <marc:subfield code="a">North Dakota</marc:subfield>
        </marc:datafield>
        <marc:datafield tag="651" ind1=" " ind2="3">
            <marc:subfield code="a">South Dakota</marc:subfield>
        </marc:datafield>
        <marc:datafield tag="651" ind1=" " ind2="3">
            <marc:subfield code="a">Wyoming</marc:subfield>
        </marc:datafield>
        <marc:datafield tag="700" ind1="1" ind2=" ">
            <marc:subfield code="a">Briske, David</marc:subfield>
            <marc:subfield code="e">author</marc:subfield>
            <marc:subfield code="u">Texas A&amp;M University, Centeq Bldg, Rm 130C, MS2120 TAMU, College Station, TX, 77843, USA</marc:subfield>
        </marc:datafield>
        <marc:datafield tag="700" ind1="1" ind2=" ">
            <marc:subfield code="a">Reeves, Matt</marc:subfield>
            <marc:subfield code="e">author</marc:subfield>
            <marc:subfield code="u">USDA-FS, 800 E. Beckwith, Missoula, MT, 59801, USA</marc:subfield>
        </marc:datafield>
        <marc:datafield tag="700" ind1="1" ind2=" ">
            <marc:subfield code="a">Brown-Brandl, Tami</marc:subfield>
            <marc:subfield code="e">author</marc:subfield>
            <marc:subfield code="u">USDA-ARS, State Spur 18D, Clay Center, NE, 68933, USA</marc:subfield>
        </marc:datafield>
        <marc:datafield tag="700" ind1="1" ind2=" ">
            <marc:subfield code="a">Meehan, Miranda</marc:subfield>
            <marc:subfield code="e">author</marc:subfield>
            <marc:subfield code="u">North Dakota State University, 1300 Albrecht Blvd, Hultz Hall, Fargo, ND, USA</marc:subfield>
        </marc:datafield>
        <marc:datafield tag="700" ind1="1" ind2=" ">
            <marc:subfield code="a">Blumenthal, Dana</marc:subfield>
            <marc:subfield code="e">author</marc:subfield>
            <marc:subfield code="u">USDA-ARS, 1701 Centre Ave, Fort Collins, CO, 80526, USA</marc:subfield>
        </marc:datafield>
        <marc:datafield tag="700" ind1="1" ind2=" ">
            <marc:subfield code="a">Travis, William</marc:subfield>
            <marc:subfield code="e">author</marc:subfield>
            <marc:subfield code="u">Western Water Association, University of Colorado Boulder, 216 UCB, Boulder, CO, 80309, USA</marc:subfield>
        </marc:datafield>
        <marc:datafield tag="700" ind1="1" ind2=" ">
            <marc:subfield code="a">Augustine, David</marc:subfield>
            <marc:subfield code="e">author</marc:subfield>
            <marc:subfield code="u">USDA-ARS, 1701 Centre Ave, Fort Collins, CO, 80526, USA</marc:subfield>
        </marc:datafield>
        <marc:datafield tag="700" ind1="1" ind2=" ">
            <marc:subfield code="a">Wilmer, Hailey</marc:subfield>
            <marc:subfield code="e">author</marc:subfield>
            <marc:subfield code="u">USDA-ARS, 1701 Centre Ave, Fort Collins, CO, 80526, USA</marc:subfield>
        </marc:datafield>
        <marc:datafield tag="700" ind1="1" ind2=" ">
            <marc:subfield code="a">Scasta, Derek</marc:subfield>
            <marc:subfield code="e">author</marc:subfield>
            <marc:subfield code="u">University of Wyoming, Agriculture Bldg 2004, 1000 E. University Ave, Laramie, WY, 82071, USA</marc:subfield>
        </marc:datafield>
        <marc:datafield tag="700" ind1="1" ind2=" ">
            <marc:subfield code="a">Hendrickson, John</marc:subfield>
            <marc:subfield code="e">author</marc:subfield>
            <marc:subfield code="u">USDA-ARS, P.O. Box 459, Mandan, ND, 58554, USA</marc:subfield>
        </marc:datafield>
        <marc:datafield tag="700" ind1="1" ind2=" ">
            <marc:subfield code="a">Volesky, Jerry</marc:subfield>
            <marc:subfield code="e">author</marc:subfield>
            <marc:subfield code="u">University of Nebraska-Lincoln, WCREC, 402 W. State Farm Road, North Platte, NE, 69101, USA</marc:subfield>
        </marc:datafield>
        <marc:datafield tag="700" ind1="1" ind2=" ">
            <marc:subfield code="a">Edwards, Laura</marc:subfield>
            <marc:subfield code="e">author</marc:subfield>
            <marc:subfield code="u">South Dakota State University, Brookings, SD, 57007, USA</marc:subfield>
        </marc:datafield>
        <marc:datafield tag="700" ind1="1" ind2=" ">
            <marc:subfield code="a">Peck, Dannele</marc:subfield>
            <marc:subfield code="e">author</marc:subfield>
            <marc:subfield code="u">USDA-ARS, 1701 Centre Ave, Fort Collins, CO, 80526, USA</marc:subfield>
        </marc:datafield>
        <marc:datafield tag="773" ind1="0" ind2=" ">
            <marc:subfield code="t">Climatic change.</marc:subfield>
            <marc:subfield code="g">2018 Jan., v. 146, no. 1-2 p.19-32</marc:subfield>
            <marc:subfield code="d">Springer Netherlands</marc:subfield>
            <marc:subfield code="w">Journal:jnl8952</marc:subfield>
            <marc:subfield code="x">0165-0009</marc:subfield>
            <marc:subfield code="7">nnas</marc:subfield>
        </marc:datafield>
        <marc:datafield tag="787" ind1="1" ind2=" ">
            <marc:subfield code="o">islandora_article_repository</marc:subfield>
        </marc:datafield>
        <marc:datafield tag="787" ind1="1" ind2=" ">
            <marc:subfield code="o">product_pubag</marc:subfield>
        </marc:datafield>
        <marc:datafield tag="787" ind1="1" ind2=" ">
            <marc:subfield code="o">(Journal)jnl8952</marc:subfield>
        </marc:datafield>
        <marc:datafield tag="856" ind1="4" ind2="0">
            <marc:subfield code="u">https://dx.doi.org/10.1007/s10584-017-2029-6</marc:subfield>
            <marc:subfield code="3">Available from publisher's site</marc:subfield>
        </marc:datafield>
        <marc:datafield tag="912" ind1=" " ind2=" ">
            <marc:subfield code="a">Article</marc:subfield>
        </marc:datafield>
        <marc:datafield tag="914" ind1=" " ind2=" ">
            <marc:subfield code="a">Journal:jnl8952</marc:subfield>
            <marc:subfield code="b">0165-0009</marc:subfield>
            <marc:subfield code="c">146</marc:subfield>
            <marc:subfield code="d">1-2</marc:subfield>
            <marc:subfield code="e">19</marc:subfield>
        </marc:datafield>
        <marc:datafield tag="914" ind1=" " ind2=" ">
            <marc:subfield code="f">Climatic change</marc:subfield>
        </marc:datafield>
        <marc:datafield tag="916" ind1=" " ind2=" ">
            <marc:subfield code="a">Batch:1932</marc:subfield>
        </marc:datafield>
        <marc:datafield tag="917" ind1=" " ind2=" ">
            <marc:subfield code="a">issued</marc:subfield>
        </marc:datafield>
        <marc:datafield tag="918" ind1="2" ind2=" ">
            <marc:subfield code="a">Springer</marc:subfield>
            <marc:subfield code="e">provider</marc:subfield>
            <marc:subfield code="5">DNAL</marc:subfield>
        </marc:datafield>
        <marc:datafield tag="935" ind1=" " ind2=" ">
            <marc:subfield code="a">IND605899103</marc:subfield>
            <marc:subfield code="9">ExL</marc:subfield>
        </marc:datafield>
        <marc:datafield tag="949" ind1=" " ind2=" ">
            <marc:subfield code="a">2020-03-06</marc:subfield>
        </marc:datafield>
        <marc:datafield tag="953" ind1=" " ind2=" ">
            <marc:subfield code="a">/data/metadata/incoming/springer/ftp_PUB_18-01-31_05-58-48.zip</marc:subfield>
        </marc:datafield>
        <marc:datafield tag="954" ind1=" " ind2=" ">
            <marc:subfield code="a">file:/data/metadata/staging/springer/10584-146-1-2.xml</marc:subfield>
        </marc:datafield>
        <marc:datafield tag="955" ind1=" " ind2=" ">
            <marc:subfield code="a">/data/metadata/staging/springer/</marc:subfield>
        </marc:datafield>
        <marc:datafield tag="961" ind1=" " ind2=" ">
            <marc:subfield code="a">USDA/FSUSDA/ARS</marc:subfield>
        </marc:datafield>
        <marc:datafield tag="974" ind1=" " ind2=" ">
            <marc:subfield code="a">agid:5899103</marc:subfield>
        </marc:datafield>
        <marc:datafield tag="983" ind1=" " ind2=" ">
            <marc:subfield code="a">2018-06-19</marc:subfield>
        </marc:datafield>
        <marc:datafield tag="984" ind1=" " ind2=" ">
            <marc:subfield code="a">2020-03-06</marc:subfield>
        </marc:datafield>
    </marc:record>